<?xml version="1.0" encoding="UTF-8"?>
<record xmlns="http://www.loc.gov/MARC21/slim" xmlns:xsi="http://www.w3.org/2001/XMLSchema-instance" xsi:schemaLocation="http://www.loc.gov/MARC21/slim http://www.loc.gov/standards/marcxml/schema/MARC21slim.xsd">
<leader>     nam a22003371a 4500</leader>
<controlfield tag="001">001683284</controlfield>
<controlfield tag="003">NNU</controlfield>
<controlfield tag="005">20061010173159.0</controlfield>
<controlfield tag="008">000816s1914    ua            000 0barard</controlfield>
<datafield tag="035" ind1="9" ind2=" ">
<subfield code="a">NYUb12226704</subfield>
</datafield>
<datafield tag="035" ind1=" " ind2=" ">
<subfield code="a">(NNU)NYUb12226704</subfield>
</datafield>
<datafield tag="040" ind1=" " ind2=" ">
<subfield code="a">NN</subfield>
<subfield code="c">NN</subfield>
<subfield code="d">MH</subfield>
<subfield code="d">CStRLIN</subfield>
<subfield code="d">CtY</subfield>
</datafield>
<datafield tag="066" ind1=" " ind2=" ">
<subfield code="c">(3</subfield>
</datafield>
<datafield tag="090" ind1=" " ind2=" ">
<subfield code="a">BP75.2</subfield>
<subfield code="b">.S75 1914</subfield>
</datafield>
<datafield tag="100" ind1="1" ind2=" ">
<subfield code="a">Suhaylī, ʻAbd al-Raḥmān ibn ʻAbd Allāh,</subfield>
<subfield code="d">1114 or 15-1185</subfield>
<subfield code="6">880-01</subfield>
</datafield>
<datafield tag="240" ind1="1" ind2="0">
<subfield code="6">880-02</subfield>
<subfield code="a">Rawḍ al-unuf.</subfield>
<subfield code="f">1914</subfield>
</datafield>
<datafield tag="245" ind1="1" ind2="0">
<subfield code="6">880-03</subfield>
<subfield code="a">Kitāb al-Rawḍ al-unuf fī tafsīr mā ishtamala ʻalayhi ḥadīth al-Sīrah al-Nabawīyah li-Ibn Hishām /</subfield>
<subfield code="c">li-Abī al-Qāsim ʻAbd al-Raḥmān ibn ʻAbd Allāh ibn Aḥmad ibn Abī al-Ḥasan al-Khathʻamī al-Suhaylī. Wa-bi-hāmishihi al-Sīrah al-Nabawīyah / li-Abī Muḥammad ʻAbd al-Malik ibn Hishām al-Maʻāfirī al-Ḥimyarī al-Baṣrī.</subfield>
</datafield>
<datafield tag="246" ind1="3" ind2="0">
<subfield code="6">880-04</subfield>
<subfield code="a">Rawḍ al-unuf fī tafsīr mā ishtamala ʻalayhi ḥadīth al-Sīrah al-Nabawīyah li-Ibn Hishām</subfield>
</datafield>
<datafield tag="260" ind1=" " ind2=" ">
<subfield code="6">880-05</subfield>
<subfield code="a">Miṣr :</subfield>
<subfield code="b">Maṭbaʻat al-Jamālīyah,</subfield>
<subfield code="c">1914.</subfield>
</datafield>
<datafield tag="300" ind1=" " ind2=" ">
<subfield code="a">2 v. in 1 ;</subfield>
<subfield code="c">30 cm.</subfield>
</datafield>
<datafield tag="600" ind1="0" ind2="0">
<subfield code="a">Muḥammad,</subfield>
<subfield code="c">Prophet,</subfield>
<subfield code="d">d. 632.</subfield>
</datafield>
<datafield tag="600" ind1="1" ind2="0">
<subfield code="a">Ibn Hishām, ʻAbd al-Malik,</subfield>
<subfield code="d">d. 834.</subfield>
<subfield code="t">Sīrat Rasūl Allāh</subfield>
<subfield code="6">880-06</subfield>
</datafield>
<datafield tag="650" ind1=" " ind2="0">
<subfield code="a">Muslims</subfield>
<subfield code="z">Arabian Peninsula</subfield>
<subfield code="v">Biography</subfield>
<subfield code="v">Early works to 1800.</subfield>
</datafield>
<datafield tag="700" ind1="1" ind2="2">
<subfield code="a">Ibn Hishām, ʻAbd al-Malik,</subfield>
<subfield code="d">d. 834</subfield>
<subfield code="6">880-07</subfield>
<subfield code="t">Sīrat Rasūl Allāh.</subfield>
<subfield code="f">1914.</subfield>
</datafield>
<datafield tag="880" ind1="1" ind2=" ">
<subfield code="6">100-01/</subfield>
<subfield code="a">سهيلي، عبد الرحمن بن عبد الله.</subfield>
</datafield>
<datafield tag="880" ind1="1" ind2="0">
<subfield code="6">240-02/</subfield>
<subfield code="a">روض الأنف .</subfield>
<subfield code="f">1914</subfield>
</datafield>
<datafield tag="880" ind1="1" ind2="0">
<subfield code="6">245-03/</subfield>
<subfield code="a">كتاب الروض الأنف في تفسير ما اشتمل عليه حديث السيرة النبوية لابن هشام /</subfield>
<subfield code="c">لأبي القاسم عبد الرحمن بن عبد الله بن أحمد بن أبي الحسن الخثعمي السهيلي. وبهامشه السيرة النبوية / لأبي محمد عبد الملك بن هشام المعافيري الحميري البصري.</subfield>
</datafield>
<datafield tag="880" ind1="3" ind2="0">
<subfield code="6">246-04/</subfield>
<subfield code="a">روض الأنف في تفسير ما اشتمل عليه حديث السيرة النبوية لابن هشام</subfield>
</datafield>
<datafield tag="880" ind1=" " ind2=" ">
<subfield code="6">260-05/</subfield>
<subfield code="a">مصر :</subfield>
<subfield code="b">مطبعة الجمالية،</subfield>
<subfield code="c">[1914.</subfield>
</datafield>
<datafield tag="880" ind1="1" ind2="0">
<subfield code="6">600-06/</subfield>
<subfield code="a">ابن هشام، عبد الملك.</subfield>
<subfield code="t">سيرة رسول الله.</subfield>
</datafield>
<datafield tag="880" ind1="1" ind2="2">
<subfield code="6">700-07/</subfield>
<subfield code="a">ابن هشام، عبد الملك.</subfield>
<subfield code="t">سيرة رسول الله.</subfield>
<subfield code="f">1914.</subfield>
</datafield>
<datafield tag="OWN" ind1=" " ind2=" ">
<subfield code="a">GENERAL</subfield>
</datafield>
<datafield tag="998" ind1=" " ind2=" ">
<subfield code="a">20010429</subfield>
<subfield code="d">20010429</subfield>
<subfield code="d">20010429</subfield>
<subfield code="n">NNU</subfield>
<subfield code="s">6</subfield>
<subfield code="t">c</subfield>
<subfield code="z">p</subfield>
</datafield>
<datafield tag="AVA" ind1=" " ind2=" ">
<subfield code="a">NYU50</subfield>
<subfield code="b">BOBST</subfield>
<subfield code="c">Main Collection</subfield>
<subfield code="d">BP75.2 .S75 1914</subfield>
<subfield code="e">unavailable</subfield>
<subfield code="t">Unavailable</subfield>
<subfield code="f">1</subfield>
<subfield code="g">1</subfield>
<subfield code="h">N</subfield>
<subfield code="i">0</subfield>
<subfield code="j">MAIN</subfield>
<subfield code="k">0</subfield>
</datafield>
</record>
